<?xml version="1.0" encoding="UTF-8"?>
<OAI-PMH xmlns="http://www.openarchives.org/OAI/2.0/" xmlns:xsi="http://www.w3.org/2001/XMLSchema-instance" xsi:schemaLocation="http://www.openarchives.org/OAI/2.0/ http://www.openarchives.org/OAI/2.0/OAI-PMH.xsd">
<ListRecords>
<record>
<header status="updated">
<identifier>urm_publish:71296606340002121</identifier>
</header>
<metadata>
<record xmlns="http://www.loc.gov/MARC21/slim" xmlns:xsi="http://www.w3.org/2001/XMLSchema-instance" xsi:schemaLocation="http://www.loc.gov/MARC21/slim http://www.loc.gov/standards/marcxml/schema/MARC21slim.xsd" ><leader>01691mam a2200397 a 4500</leader><controlfield tag="005">20060116135511.0</controlfield><controlfield tag="008">850321s1984    ru a     b    000 0 ruso </controlfield><controlfield tag="001">999674488302121</controlfield><datafield tag="010" ind1=" " ind2=" "><subfield code="a">   85132757 </subfield></datafield><datafield tag="020" ind1=" " ind2=" "><subfield code="c">9.50rub</subfield></datafield><datafield tag="035" ind1=" " ind2=" "><subfield code="a">(OCoLC)12668500</subfield></datafield><datafield tag="035" ind1=" " ind2=" "><subfield code="9">APL8418UW</subfield></datafield><datafield tag="035" ind1=" " ind2=" "><subfield code="a">2304208</subfield></datafield><datafield tag="035" ind1=" " ind2=" "><subfield code="a">(WU)2304208-uwmadisondb</subfield></datafield><datafield tag="040" ind1=" " ind2=" "><subfield code="a">DLC</subfield><subfield code="b">eng</subfield><subfield code="c">DLC</subfield><subfield code="d">m/c</subfield><subfield code="d">GZM</subfield></datafield><datafield tag="043" ind1=" " ind2=" "><subfield code="a">e-ur---</subfield></datafield><datafield tag="049" ind1=" " ind2=" "><subfield code="a">GZZC</subfield></datafield><datafield tag="050" ind1="0" ind2=" "><subfield code="a">N6995.S52</subfield><subfield code="b">I85 1984</subfield></datafield><datafield tag="245" ind1="0" ind2="0"><subfield code="6">880-01</subfield><subfield code="a">Iskusstvo Sibiri i Dalʹnego Vostoka /</subfield><subfield code="c">[avtor-sostavitelʹ Tatʹi︠a︡na Andreevna Nordshteĭn].</subfield></datafield><datafield tag="880" ind1="0" ind2="0"><subfield code="6">245-01/(N</subfield><subfield code="a">Искусство Сибири и Дальнего Востока /</subfield><subfield code="c">[автор-составитель Татьяна Андреевна Нордштейн].</subfield></datafield><datafield tag="264" ind1=" " ind2="1"><subfield code="6">880-02</subfield><subfield code="a">Leningrad :</subfield><subfield code="b">"Khudozhnik RSFSR",</subfield><subfield code="c">1984.</subfield></datafield><datafield tag="880" ind1=" " ind2="1"><subfield code="6">264-02/(N</subfield><subfield code="a">Ленинград :</subfield><subfield code="b">"Художник РСФСР",</subfield><subfield code="c">1984.</subfield></datafield><datafield tag="300" ind1=" " ind2=" "><subfield code="a">206 pages :</subfield><subfield code="b">chiefly illustrations (some color) ;</subfield><subfield code="c">30 cm.</subfield></datafield><datafield tag="336" ind1=" " ind2=" "><subfield code="a">text</subfield><subfield code="b">txt</subfield><subfield code="2">rdacontent</subfield></datafield><datafield tag="337" ind1=" " ind2=" "><subfield code="a">unmediated</subfield><subfield code="b">n</subfield><subfield code="2">rdamedia</subfield></datafield><datafield tag="338" ind1=" " ind2=" "><subfield code="a">volume</subfield><subfield code="b">nc</subfield><subfield code="2">rdacarrier</subfield></datafield><datafield tag="490" ind1="1" ind2=" "><subfield code="a">Zhivopisʹ, grafika, skulʹptura</subfield></datafield><datafield tag="504" ind1=" " ind2=" "><subfield code="a">Includes bibliographical references.</subfield></datafield><datafield tag="650" ind1=" " ind2="0"><subfield code="a">Art, Russian</subfield><subfield code="z">Russia (Federation)</subfield><subfield code="z">Siberia.</subfield></datafield><datafield tag="650" ind1=" " ind2="0"><subfield code="a">Socialist realism in art</subfield><subfield code="z">Russia (Federation)</subfield><subfield code="z">Siberia.</subfield></datafield><datafield tag="650" ind1=" " ind2="0"><subfield code="a">Art, Russian</subfield><subfield code="z">Russia (Federation)</subfield><subfield code="z">Russian Far East.</subfield><subfield code="2">LCSH</subfield><subfield code="0">41-LIBRARY_OF_CONGRESS-sh 85007878</subfield><subfield code="9">Y</subfield></datafield><datafield tag="650" ind1=" " ind2="0"><subfield code="a">Socialist realism in art</subfield><subfield code="z">Russia (Federation)</subfield><subfield code="z">Russian Far East.</subfield><subfield code="2">LCSH</subfield><subfield code="0">41-LIBRARY_OF_CONGRESS-sh 85124147</subfield><subfield code="9">Y</subfield></datafield><datafield tag="700" ind1="1" ind2=" "><subfield code="6">880-03</subfield><subfield code="a">Nordshteĭn, Tatʹi︠a︡na Andreevna.</subfield></datafield><datafield tag="880" ind1="1" ind2="0"><subfield code="6">700-03/(N</subfield><subfield code="a">Нордштейн, Татьяна Андреевна.</subfield></datafield><datafield tag="830" ind1=" " ind2="0"><subfield code="a">Zhivopisʹ, grafika, skulʹptura.</subfield></datafield><datafield tag="650" ind1=" " ind2="0"><subfield code="w">g</subfield><subfield code="a">Art and revolutions</subfield><subfield code="2">LCSH</subfield><subfield code="0">41-LIBRARY_OF_CONGRESS-sh 85124147</subfield><subfield code="9">R</subfield></datafield><datafield tag="650" ind1=" " ind2="0"><subfield code="w">g</subfield><subfield code="a">Communism and art</subfield><subfield code="2">LCSH</subfield><subfield code="0">41-LIBRARY_OF_CONGRESS-sh 85124147</subfield><subfield code="9">R</subfield></datafield><datafield tag="650" ind1=" " ind2="0"><subfield code="w">g</subfield><subfield code="a">Socialism and art</subfield><subfield code="2">LCSH</subfield><subfield code="0">41-LIBRARY_OF_CONGRESS-sh 85124147</subfield><subfield code="9">R</subfield></datafield><datafield tag="650" ind1=" " ind2="0"><subfield code="a">Russian art</subfield><subfield code="2">LCSH</subfield><subfield code="0">41-LIBRARY_OF_CONGRESS-sh 85007878</subfield><subfield code="9">N</subfield></datafield><datafield tag="650" ind1=" " ind2="0"><subfield code="a">Krug khudozhnikov (Group of artists)</subfield><subfield code="2">LCSH</subfield><subfield code="0">41-LIBRARY_OF_CONGRESS-sh 85007878</subfield><subfield code="9">R</subfield></datafield><datafield tag="650" ind1=" " ind2="0"><subfield code="a">NOMA (Group of artists)</subfield><subfield code="2">LCSH</subfield><subfield code="0">41-LIBRARY_OF_CONGRESS-sh 85007878</subfield><subfield code="9">R</subfield></datafield><datafield tag="650" ind1=" " ind2="0"><subfield code="a">Trinadt︠s︡atʹ (Group of artists)</subfield><subfield code="2">LCSH</subfield><subfield code="0">41-LIBRARY_OF_CONGRESS-sh 85007878</subfield><subfield code="9">R</subfield></datafield><datafield tag="INST" ind1=" " ind2=" "><subfield code="a">01UWI_NETWORK</subfield><subfield code="b">P</subfield><subfield code="c">71296606340002121</subfield></datafield><datafield tag="INST" ind1=" " ind2=" "><subfield code="a">01UWI_MAD</subfield><subfield code="b">P</subfield><subfield code="c">21557165690002122</subfield></datafield><datafield tag="AVA" ind1=" " ind2=" "><subfield code="0">9923042083602122</subfield><subfield code="8">22854727850002122</subfield><subfield code="a">01UWI_MAD</subfield><subfield code="b">REMOTE</subfield><subfield code="c">by request only</subfield><subfield code="d">N6995 S52 I85 1984</subfield><subfield code="e">available</subfield><subfield code="f">1</subfield><subfield code="g">0</subfield><subfield code="j">vsf</subfield><subfield code="k">0</subfield><subfield code="p">1</subfield><subfield code="q">Verona Shelving Facility</subfield></datafield><datafield tag="MMS" ind1=" " ind2=" "><subfield code="b">999674488302121</subfield><subfield code="a">01UWI_NETWORK</subfield></datafield><datafield tag="MMS" ind1=" " ind2=" "><subfield code="b">9923042083602122</subfield><subfield code="a">01UWI_MAD</subfield></datafield></record>
</metadata>
</record>
</ListRecords>
</OAI-PMH>